@CONFERENCE {dvepso,
    author    = "M. Helbig, A.P. Engelbrecht",
    title     = "Solving dynamic multi-objective problems with vector evaluated particle swarm optimization",
    booktitle = "Proceedings of the IEEE World Congress on Computational Intelligence (WCCI): IEEE Congress on Evolutionary Computation (CEC)",
    year      = "2008"
}

@INPROCEEDINGS{harrison, 
author={Harrison, K.R. and Ombuki-Berman, B.M. and Engelbrecht, A.P.}, 
booktitle={Evolutionary Computation (CEC), 2014 IEEE Congress on}, 
title={Dynamic multi-objective optimization using charged vector evaluated particle swarm optimization}, 
year={2014}, 
month={July}, 
pages={1929-1936}, 
keywords={Pareto optimisation;particle swarm optimisation;CPSO algorithm;DVEPSO algorithm;MOOP;Pareto front;charged vector evaluated particle swarm optimization;decision space change detection;dynamic VEPSO;dynamic multi-objective optimization;multi-objective optimization problems;Change detection algorithms;Heuristic algorithms;Pareto optimization;Particle swarm optimization;Standards;Vectors}, 
doi={10.1109/CEC.2014.6900399},}

@INPROCEEDINGS{hetero, 
author={Helbig, M. and Engelbrecht, A.P.}, 
booktitle={Evolutionary Computation (CEC), 2014 IEEE Congress on}, 
title={Heterogeneous dynamic vector evaluated particle swarm optimisation for dynamic multi-objective optimisation}, 
year={2014}, 
month={July}, 
pages={3151-3159}, 
keywords={dynamic programming;particle swarm optimisation;search problems;DMOA;DVEPSO algorithm;HPSOs;dynamic multiobjective optimisation algorithm;dynamic multiobjective optimisation problem;exploitation behaviour;exploration behaviour;heterogeneous dynamic vector evaluated particle swarm optimisation;optimal trade-off solutions;search process;type I DMOOPs;type III DMOOPs;Heuristic algorithms;Linear programming;Loss measurement;Optical fibers;Optimization;Particle swarm optimization;Vectors}, 
doi={10.1109/CEC.2014.6900303},}

@ARTICLE{coop1, 
author={Van den Bergh, F. and Engelbrecht, A.P.}, 
journal={Evolutionary Computation, IEEE Transactions on}, 
title={A Cooperative approach to particle swarm optimization}, 
year={2004}, 
month={June}, 
volume={8}, 
number={3}, 
pages={225-239}, 
keywords={cooperative systems;genetic algorithms;learning (artificial intelligence);neural nets;convergence behavior;cooperative particle swarm optimizer;neural network training;population-based optimization technique;solution vector;stochastic optimization technique;Africa;Computer science;Genetic algorithms;Information technology;Neural networks;Particle swarm optimization;Partitioning algorithms;Space technology;Stochastic processes;Topology;Convergence behavior;cooperative coevolutionary genetic algorithm;cooperative learning;cooperative swarms;particle swarm optimization}, 
doi={10.1109/TEVC.2004.826069}, 
ISSN={1089-778X},}

@INPROCEEDINGS{nik, 
author={Unger, N.J. and Ombuki-Berman, B.M. and Engelbrecht, A.P.}, 
booktitle={Swarm Intelligence (SIS), 2013 IEEE Symposium on}, 
title={Cooperative particle swarm optimization in dynamic environments}, 
year={2013}, 
month={April}, 
pages={172-179}, 
keywords={cooperative systems;dynamic programming;particle swarm optimisation;PSO algorithms;PSO performance improvement;cooperative PSO strategy;cooperative particle swarm optimization;cooperative principles;dynamic environments;dynamic optimization problems;metaheuristic methodology;optimization algorithms;spatial change severities;temporal change severities;Algorithm design and analysis;Benchmark testing;Context;Heuristic algorithms;Optimization;Particle swarm optimization;Vectors}, 
doi={10.1109/SIS.2013.6615175},}

@ARTICLE{coevolving2,
    author = {Xiaodong Li and Senior Member and Xin Yao},
    title = {Cooperatively coevolving particle swarms for large scale optimization},
    journal = {IEEE Transactions on Evolutionary Computation},
    year = {2012},
    pages = {210--224}
}

@inproceedings{coevolving1,
 author = {Li, Xiaodong and Yao, Xin},
 title = {Tackling High Dimensional Nonseparable Optimization Problems by Cooperatively Coevolving Particle Swarms},
 booktitle = {Proceedings of the Eleventh Conference on Congress on Evolutionary Computation},
 series = {CEC'09},
 year = {2009},
 isbn = {978-1-4244-2958-5},
 location = {Trondheim, Norway},
 pages = {1546--1553},
 numpages = {8},
 url = {http://dl.acm.org/citation.cfm?id=1689599.1689803},
 acmid = {1689803},
 publisher = {IEEE Press},
 address = {Piscataway, NJ, USA},
} 

@INPROCEEDINGS{scalability,
author={Harrison, K.R. and Engelbrecht, A.P. and Ombuki-Berman, B.M.},
booktitle={Evolutionary Computation (CEC), 2013 IEEE Congress on},
title={A scalability study of multi-objective particle swarm optimizers},
year={2013},
month={June},
pages={189-197},
keywords={particle swarm optimisation;KTS;PCX;SMPSO;VEPSO;continuous optimization problems;knowledge transfer strategy;multiobjective PSO algorithms;multiobjective optimization problems;multiobjective particle swarm optimizers;oMOPSO;optimization technique;optimized multiobjective PSO;parent centric recombination;scalability study;single objective problems;speed constrained multiobjective PSO;vector evaluated PSO;Computer science;Market research;Measurement;Optimization;Particle swarm optimization;Scalability;Vectors},
doi={10.1109/CEC.2013.6557570},}

@INPROCEEDINGS{pareto,
author={Ikeda, K. and Kita, H. and Kobayashi, S.},
booktitle={Evolutionary Computation, 2001. Proceedings of the 2001 Congress on},
title={Failure of Pareto-based MOEAs: does non-dominated really mean near to optimal?},
year={2001},
month={},
volume={2},
pages={957-962 vol. 2},
keywords={evolutionary computation;Pareto based selection strategy;Pareto optimal solution;dominance resistant solutions;domination strategy;multi-objective evolutionary algorithms;survivors;Cities and towns;Evolutionary computation;Genetic algorithms;Genetic mutations;Psychology;Sorting;Testing},
doi={10.1109/CEC.2001.934293},}

@ARTICLE{pareto2,
author={Schutze, O. and Lara, A. and Coello Coello, Carlos A.},
journal={Evolutionary Computation, IEEE Transactions on},
title={On the Influence of the Number of Objectives on the Hardness of a Multiobjective Optimization Problem},
year={2011},
month={Aug},
volume={15},
number={4},
pages={444-455},
keywords={Pareto optimisation;evolutionary computation;probability;Pareto set;evolution strategies;hardness;multiobjective optimization problem;probability;scalability;uni-modal test problems;Approximation methods;Computational modeling;Convergence;Evolutionary computation;Measurement;Optimization;Scalability;Algorithm design;evolutionary computation;many-objective optimization;multiobjective optimization},
doi={10.1109/TEVC.2010.2064321},
ISSN={1089-778X},}

@ARTICLE{knea,
author={Zhang, X. and Tian, Ye and Jin, Y.},
journal={Evolutionary Computation, IEEE Transactions on},
title={A Knee Point Driven Evolutionary Algorithm for Many-Objective Optimization},
year={2014},
month={},
volume={PP},
number={99},
pages={1-1},
keywords={Convergence;Evolutionary computation;Measurement;Pareto optimization;Sociology;Evolutionary multi-objective optimization;convergence;diversity;hypervolume;knee point;many-objective optimization},
doi={10.1109/TEVC.2014.2378512},
ISSN={1089-778X},}

@inproceedings{hypervol,
 author = {Fleischer, M.},
 title = {The Measure of Pareto Optima Applications to Multi-objective Metaheuristics},
 booktitle = {Proceedings of the 2Nd International Conference on Evolutionary Multi-criterion Optimization},
 series = {EMO'03},
 year = {2003},
 isbn = {3-540-01869-7},
 location = {Faro, Portugal},
 pages = {519--533},
 numpages = {15},
 url = {http://dl.acm.org/citation.cfm?id=1760102.1760146},
 acmid = {1760146},
 publisher = {Springer-Verlag},
 address = {Berlin, Heidelberg},
} 

@ARTICLE{grea,
author={Shengxiang Yang and Miqing Li and Xiaohui Liu and Jinhua Zheng},
journal={Evolutionary Computation, IEEE Transactions on},
title={A Grid-Based Evolutionary Algorithm for Many-Objective Optimization},
year={2013},
month={Oct},
volume={17},
number={5},
pages={721-736},
keywords={Pareto optimisation;convergence;evolutionary computation;EMO algorithm;GrEA;Pareto front;convergence;diversity;environmental selection process;evolutionary multiobjective optimization;fitness adjustment strategy;grid coordinate point distance;grid crowding distance;grid difference;grid dominance;grid environment;grid ranking;grid-based evolutionary algorithm;many-objective optimization problem;partial overcrowding;peer algorithm;uniform distribution;Convergence;Evolutionary computation;Measurement;Optimization;Sociology;Statistics;Vectors;Convergence;diversity;evolutionary multiobjective optimization (EMO);grid;many-objective optimization},
doi={10.1109/TEVC.2012.2227145},
ISSN={1089-778X},}

@article{hype,
 author = {Bader, Johannes and Zitzler, Eckart},
 title = {Hype: An Algorithm for Fast Hypervolume-based Many-objective Optimization},
 journal = {Evol. Comput.},
 issue_date = {Spring 2011},
 volume = {19},
 number = {1},
 month = mar,
 year = {2011},
 issn = {1063-6560},
 pages = {45--76},
 numpages = {32},
 url = {http://dx.doi.org/10.1162/EVCO_a_00009},
 doi = {10.1162/EVCO_a_00009},
 acmid = {1970416},
 publisher = {MIT Press},
 address = {Cambridge, MA, USA},
 keywords = {Hypervolume indicator, Monte Carlo sampling, multi-objective evolutionary algorithm, multi-objective optimization},
} 

@inproceedings{nsga,
 author = {Yuan, Yuan and Xu, Hua and Wang, Bo},
 title = {An Improved NSGA-III Procedure for Evolutionary Many-objective Optimization},
 booktitle = {Proceedings of the 2014 Conference on Genetic and Evolutionary Computation},
 series = {GECCO '14},
 year = {2014},
 isbn = {978-1-4503-2662-9},
 location = {Vancouver, BC, Canada},
 pages = {661--668},
 numpages = {8},
 url = {http://doi.acm.org/10.1145/2576768.2598342},
 doi = {10.1145/2576768.2598342},
 acmid = {2598342},
 publisher = {ACM},
 address = {New York, NY, USA},
 keywords = {\&\#952;-NSGA-III, \&\#952;-dominance, NSGA-III, many-objective optimization, non-dominated sorting},
} 

@INPROCEEDINGS{imopso,
author={Britto, A. and Pozo, A.},
booktitle={Neural Networks (SBRN), 2012 Brazilian Symposium on},
title={I-MOPSO: A Suitable PSO Algorithm for Many-Objective Optimization},
year={2012},
month={Oct},
pages={166-171},
keywords={Pareto optimisation;evolutionary computation;particle swarm optimisation;statistical testing;I-MOPSO;MOEA;PSO algorithm;Pareto front;archiving method;empirical analysis;leader selection strategy;many-objective optimization;many-objective problems;multiobjective evolutionary algorithms;multiobjective particle swarm optimization;objective function;quality indicators;statistical tests;Algorithm design and analysis;Approximation algorithms;Convergence;Lead;Linear programming;Optimization;Particle swarm optimization;Many-Objective Optimization;Multi-Objective Optimization;Multi-Objective Particle Swarm Optimization},
doi={10.1109/SBRN.2012.20},
ISSN={1522-4899},}

@ARTICLE{pareto3,
author={Brockhoff, D. and Friedrich, T. and Hebbinghaus, N. and Klein, C. and Neumann, F. and Zitzler, E.},
journal={Evolutionary Computation, IEEE Transactions on},
title={On the Effects of Adding Objectives to Plateau Functions},
year={2009},
volume={13},
number={3},
pages={591-603},
keywords={Pareto optimisation;Pareto-optimal solutions;additional objectives;computational effort;plateau functions;running time analyses;running time behavior;Computational efficiency;Computer networks;Computer science;Decision making;Electronic mail;Evolutionary computation;Laboratories;Random number generation;Testing;Visualization;Multiobjective optimization;running time analysis;theory},
doi={10.1109/TEVC.2008.2009064},
ISSN={1089-778X},
month={June},}